@misc{wiki,
 title={Викиконспекты [Электронный ресурс] (дата обращения: 23.12.2022)},
 url={https://neerc.ifmo.ru/wiki/index.php?title=%D0%97%D0%B0%D0%B4%D0%B0%D1%87%D0%B0_%D0%BE_%D0%BD%D0%B0%D0%B8%D0%B1%D0%BE%D0%BB%D1%8C%D1%88%D0%B5%D0%B9_%D0%BE%D0%B1%D1%89%D0%B5%D0%B9_%D0%BF%D0%BE%D0%B4%D0%BF%D0%BE%D1%81%D0%BB%D0%B5%D0%B4%D0%BE%D0%B2%D0%B0%D1%82%D0%B5%D0%BB%D1%8C%D0%BD%D0%BE%D1%81%D1%82%D0%B8}
}
